!Type:Bank
D30/6'10
T0.00
CX
POpening Balance
L[Teste]
^
D30/6'10
T25.00
N5
PCliente
LVendas/RECEITA:Vendas
^
D30/6'10
T-5.50
PAgua Mineral
^
D1/7'10
T200.00
Pcaixa
^
D2/7'10
T135.00
N7
PCliente
LVendas/RECEITA:Vendas
^
D5/7'10
T55.00
N14
PCliente
LVendas/RECEITA:Vendas
^
D7/7'10
T80.00
N16
PCliente
LVendas/RECEITA:Vendas
^
D8/7'10
T-250.00
PCCorrente
L[Tres Rios]
^
D9/7'10
T25.00
N19
PCliente
LVendas/RECEITA:Vendas
^
D10/7'10
T25.00
N20
PCliente
LVendas/RECEITA:Vendas
^
D10/7'10
T25.00
N21
PCliente
LVendas/RECEITA:Vendas
^
D10/7'10
T25.00
N22
PCliente
LVendas/RECEITA:Vendas
^
D13/7'10
T25.00
N23
PCliente
LVendas/RECEITA:Vendas
^
D13/7'10
T-200.00
PCCorrente
^
D16/7'10
T135.00
N29
PCliente
LVendas/RECEITA:Vendas
^
D16/7'10
T-100.00
PCCorrente
^
D17/7'10
T55.00
N32
PCliente
LVendas/RECEITA:Vendas
^
D17/7'10
T-5.50
PAgua Mineral
^
D19/7'10
T-6.00
PXerox
LMaterial:Consumo/CONSUMO:Material
^
D21/7'10
T55.00
N38
PCliente
LVendas/RECEITA:Vendas
^
D22/7'10
T-100.00
PCCorrente
^
D30/7'10
T-12.00
PXerox
LMaterial:Consumo/CONSUMO:Material
^
D31/7'10
T25.00
N55
PCliente
LVendas/RECEITA:Vendas
^
D2/8'10
T110.00
N58
PCliente
LVendas/RECEITA:Vendas
^
D2/8'10
T25.00
N59
PCliente
LVendas/RECEITA:Vendas
^
D2/8'10
T55.00
N60
PCliente
LVendas/RECEITA:Vendas
^
D2/8'10
T-150.00
PCCorrente
^
D3/8'10
T55.00
N62
PCliente
LVendas/RECEITA:Vendas
^
D3/8'10
T25.00
N64
PCliente
LVendas/RECEITA:Vendas
^
D3/8'10
T25.00
N65
PCliente
LVendas/RECEITA:Vendas
^
D3/8'10
T25.00
N66
PCliente
LVendas/RECEITA:Vendas
^
D4/8'10
T-5.50
PAgua Mineral
^
D4/8'10
T-150.00
PCCorrente
^
D5/8'10
T110.00
N70
PCliente
LVendas/RECEITA:Vendas
^
D5/8'10
T55.00
N73
PCliente
LVendas/RECEITA:Vendas
^
D5/8'10
T-150.00
PCCorrente
^
D6/8'10
T110.00
N75
PCliente
LVendas/RECEITA:Vendas
^
D6/8'10
T-7.00
PXerox
LMaterial:Consumo/CONSUMO:Material
^
D7/8'10
T55.00
N79
PCliente
LVendas/RECEITA:Vendas
^
D7/8'10
T-10.00
PChaveiro
LMaterial:Consumo
^
D9/8'10
T110.00
N83
PCliente
LVendas/RECEITA:Vendas
^
D9/8'10
T110.00
N84
PCliente
LVendas/RECEITA:Vendas
^
D9/8'10
T110.00
N85
PCliente
LVendas/RECEITA:Vendas
^
D9/8'10
T-300.00
PCCorrente
^
D10/8'10
T-250.00
PCCorrente
^
D10/8'10
T-6.00
PXerox
LMaterial:Consumo/CONSUMO:Material
^
D11/8'10
T55.00
N92
PCliente
LVendas/RECEITA:Vendas
^
D12/8'10
T25.00
N95
PCliente
LVendas/RECEITA:Vendas
^
D14/8'10
T25.00
N101
PCliente
LVendas/RECEITA:Vendas
^
D14/8'10
T55.00
N104
PCliente
LVendas/RECEITA:Vendas
^
D16/8'10
T110.00
N107
PCliente
LVendas/RECEITA:Vendas
^
D16/8'10
T55.00
N108
PCliente
LVendas/RECEITA:Vendas
^
D16/8'10
T110.00
N109
PCliente
LVendas/RECEITA:Vendas
^
D16/8'10
T-400.00
PCCorrente
^
D17/8'10
T-6.40
PXerox
LMaterial:Consumo/CONSUMO:Material
^
D18/8'10
T110.00
N114
PCliente
LVendas/RECEITA:Vendas
^
D18/8'10
T55.00
N115
PCliente
LVendas/RECEITA:Vendas
^
D18/8'10
T-5.40
PXerox
LMaterial:Consumo/CONSUMO:Material
^
D21/8'10
T55.00
N119
PCliente
LVendas/RECEITA:Vendas
^
D21/8'10
T55.00
N120
PCliente
LVendas/RECEITA:Vendas
^
D23/8'10
T135.00
N121
PCliente
LVendas/RECEITA:Vendas
^
D23/8'10
T55.00
N122
PCliente
LVendas/RECEITA:Vendas
^
D23/8'10
T-250.00
PCCorrente
^
D23/8'10
T-5.50
PAgua Mineral
^
D24/8'10
T110.00
N124
PCliente
LVendas/RECEITA:Vendas
^
D24/8'10
T-200.00
PCCorrente
^
D25/8'10
T25.00
N125
PCliente
LVendas/RECEITA:Vendas
^
D25/8'10
T110.00
N128
PCliente
LVendas/RECEITA:Vendas
^
D25/8'10
T-10.60
PXerox
LMaterial:Consumo/CONSUMO:Material
^
D27/8'10
T55.00
N134
PCliente
LVendas/RECEITA:Vendas
^
D27/8'10
T55.00
N136
PCliente
LVendas/RECEITA:Vendas
^
D27/8'10
T-50.00
PXerox
LMaterial:Consumo/CONSUMO:Material
^
D28/8'10
T80.00
N140
PCliente
LVendas/RECEITA:Vendas
^
D28/8'10
T-350.00
PCCorrente
^
D30/8'10
T80.00
N145
PCliente
LVendas/RECEITA:Vendas
^
D30/8'10
T135.00
N146
PCliente
LVendas/RECEITA:Vendas
^
D30/8'10
T-30.00
PAdesivos
LMaterial:Consumo/CONSUMO:Material
^
D31/8'10
T220.00
N147
PCliente
LVendas/RECEITA:Vendas
^
D31/8'10
T-200.00
PCCorrente
^
D1/9'10
T110.00
N149
PCliente
LVendas/RECEITA:Vendas
^
D1/9'10
T-200.00
PCCorrente
^
D2/9'10
T15.00
N151
PCliente
LVendas/RECEITA:Vendas
^
D2/9'10
T55.00
N152
PCliente
LVendas/RECEITA:Vendas
^
D2/9'10
T55.00
N153
PCliente
LVendas/RECEITA:Vendas
^
D2/9'10
T-200.00
PCCorrente
^
D3/9'10
T55.00
N154
PCliente
LVendas/RECEITA:Vendas
^
D3/9'10
T80.00
N162
PCliente
LVendas/RECEITA:Vendas
^
D3/9'10
T55.00
N164
PCliente
LVendas/RECEITA:Vendas
^
D4/9'10
T110.00
N160
PCliente
LVendas/RECEITA:Vendas
^
D4/9'10
T-5.50
PAgua Mineral
^
D6/9'10
T55.00
N166
PCliente
LVendas/RECEITA:Vendas
^
D6/9'10
T275.00
N168
PCliente
LVendas/RECEITA:Vendas
^
D6/9'10
T55.00
N171
PCliente
LVendas/RECEITA:Vendas
^
D6/9'10
T165.00
N167
PCliente
LVendas/RECEITA:Vendas
^
D6/9'10
T165.00
PCliente
LVendas/RECEITA:Vendas
^
D6/9'10
T-400.00
PCCorrente
^
D8/9'10
T-500.00
PCCorrente
^
D10/9'10
T25.00
N179
PCliente
LVendas/RECEITA:Vendas
^
D11/9'10
T55.00
N183
PCliente
LVendas/RECEITA:Vendas
^
D11/9'10
T55.00
N185
PCliente
LVendas/RECEITA:Vendas
^
D13/9'10
T55.00
N189
PCliente
LVendas/RECEITA:Vendas
^
D13/9'10
T80.00
N190
PCliente
LVendas/RECEITA:Vendas
^
D14/9'10
T-5.00
PXerox
LMaterial:Consumo/CONSUMO:Material
^
D14/9'10
T-250.00
PMarcos - Pedreiro
^
D17/9'10
T55.00
N202
PCliente
LVendas/RECEITA:Vendas
^
D17/9'10
T55.00
N205
PCliente
LVendas/RECEITA:Vendas
^
D20/9'10
T110.00
N217
PCliente
LVendas/RECEITA:Vendas
^
D20/9'10
T-239.10
PCCorrente
^
D21/9'10
T110.00
N222
PCliente
LVendas/RECEITA:Vendas
^
D21/9'10
T135.00
N224
PCliente
LVendas/RECEITA:Vendas
^
D21/9'10
T55.00
N227
PCliente
LVendas/RECEITA:Vendas
^
D21/9'10
T190.00
N228
PCliente
LVendas/RECEITA:Vendas
^
D21/9'10
T-5.50
PAgua Mineral
^
D22/9'10
T-484.00
PCCorrente
^
D24/9'10
T55.00
N236
PCliente
LVendas/RECEITA:Vendas
^
D24/9'10
T110.00
N241
PCliente
LVendas/RECEITA:Vendas
^
D25/9'10
T55.00
N242
PCliente
LVendas/RECEITA:Vendas
^
D25/9'10
T25.00
N245
PCliente
LVendas/RECEITA:Vendas
^
D25/9'10
T110.00
N248
PCliente
LVendas/RECEITA:Vendas
^
D25/9'10
T50.00
N249
PCliente
LVendas/RECEITA:Vendas
^
D27/9'10
T110.00
N250
PCliente
LVendas/RECEITA:Vendas
^
D27/9'10
T-515.00
PCCorrente
^
D28/9'10
T110.00
N253
PCliente
LVendas/RECEITA:Vendas
^
D29/9'10
T55.00
N255
PCliente
LVendas/RECEITA:Vendas
^
D29/9'10
T220.00
N257
PCliente
LVendas/RECEITA:Vendas
^
D29/9'10
T25.00
N258
PCliente
LVendas/RECEITA:Vendas
^
D29/9'10
T-20.00
PXerox
LMaterial:Consumo/CONSUMO:Material
^
D30/9'10
T25.00
N259
PCliente
LVendas/RECEITA:Vendas
^
D30/9'10
T55.00
N260
PCliente
LVendas/RECEITA:Vendas
^
D30/9'10
T110.00
N261
PCliente
LVendas/RECEITA:Vendas
^
D30/9'10
T-470.00
PCCorrente
^
D1/10'10
T55.00
N263
PCliente
LVendas/RECEITA:Vendas
^
D1/10'10
T55.00
N264
PCliente
LVendas/RECEITA:Vendas
^
D5/10'10
T55.00
N278
PCliente
LVendas/RECEITA:Vendas
^
D5/10'10
T110.00
N279
PCliente
LVendas/RECEITA:Vendas
^
D6/10'10
T55.00
N282
PCliente
LVendas/RECEITA:Vendas
^
D6/10'10
T110.00
N283
PCliente
LVendas/RECEITA:Vendas
^
D6/10'10
T25.00
N284
PCliente
LVendas/RECEITA:Vendas
^
D6/10'10
T-440.00
PCCorrente
^
D7/10'10
T55.00
N286
PCliente
LVendas/RECEITA:Vendas
^
D7/10'10
T25.00
N287
PCliente
LVendas/RECEITA:Vendas
^
D7/10'10
T110.00
N288
PCliente
LVendas/RECEITA:Vendas
^
D7/10'10
T-5.50
PAgua Mineral
^
D7/10'10
T-200.00
PCCorrente
^
D8/10'10
T55.00
N290
PCliente
LVendas/RECEITA:Vendas
^
D8/10'10
T55.00
N291
PCliente
LVendas/RECEITA:Vendas
^
D8/10'10
T-30.00
PXerox
LMaterial:Consumo/CONSUMO:Material
^
D11/10'10
T55.00
N305
PCliente
LVendas/RECEITA:Vendas
^
D13/10'10
T55.00
N311
PCliente
LVendas/RECEITA:Vendas
^
D13/10'10
T110.00
N314
PCliente
LVendas/RECEITA:Vendas
^
D13/10'10
T-400.00
PCCorrente
^
D14/10'10
T55.00
N319
PCliente
LVendas/RECEITA:Vendas
^
D14/10'10
T55.00
N320
PCliente
LVendas/RECEITA:Vendas
^
D19/10'10
T110.00
N324
PCliente
LVendas/RECEITA:Vendas
^
D19/10'10
T110.00
N325
PCliente
LVendas/RECEITA:Vendas
^
D20/10'10
T110.00
N328
PCliente
LVendas/RECEITA:Vendas
^
D20/10'10
T55.00
N330
PCliente
LVendas/RECEITA:Vendas
^
D26/10'10
T135.00
N223
PCliente
LVendas/RECEITA:Vendas
^
D21/10'10
T55.00
N335
PCliente
LVendas/RECEITA:Vendas
^
D21/10'10
T-515.00
PCCorrente
^
D23/10'10
T55.00
N347
PCliente
LVendas/RECEITA:Vendas
^
D23/10'10
T-20.00
PXerox
LMaterial:Consumo/CONSUMO:Material
^
D25/10'10
T110.00
N354
PCliente
LVendas/RECEITA:Vendas
^
D25/10'10
T55.00
N355
PCliente
LVendas/RECEITA:Vendas
^
D25/10'10
T110.00
N356
PCliente
LVendas/RECEITA:Vendas
^
D25/10'10
T55.00
N358
PCliente
LVendas/RECEITA:Vendas
^
D25/10'10
T110.00
N359
PCliente
LVendas/RECEITA:Vendas
^
D25/10'10
T110.00
N361
PCliente
LVendas/RECEITA:Vendas
^
D25/10'10
T-5.50
PAgua Mineral
^
D25/10'10
T-520.00
PCCorrente
^
D26/10'10
T220.00
N365
PCliente
LVendas/RECEITA:Vendas
^
D26/10'10
T110.00
N367
PCliente
LVendas/RECEITA:Vendas
^
D26/10'10
T-330.00
PCCorrente
^
D28/10'10
T55.00
N373
PCliente
LVendas/RECEITA:Vendas
^
D28/10'10
T55.00
N375
PCliente
LVendas/RECEITA:Vendas
^
D28/10'10
T25.00
N377
PCliente
LVendas/RECEITA:Vendas
^
D28/10'10
T-300.00
PCCorrente
^
D30/10'10
T110.00
N385
PCliente
LVendas/RECEITA:Vendas
^
D30/10'10
T110.00
N387
PCliente
LVendas/RECEITA:Vendas
^
D1/11'10
T-300.00
PCCorrente
^
D3/11'10
T110.00
N398
PCliente
LVendas/RECEITA:Vendas
^
D3/11'10
T-5.00
PXerox
LMaterial:Consumo/CONSUMO:Material
^
D4/11'10
T55.00
N399
PCliente
LVendas/RECEITA:Vendas
^
D4/11'10
T55.00
N400
PCliente
LVendas/RECEITA:Vendas
^
D4/11'10
T55.00
N401
PCliente
LVendas/RECEITA:Vendas
^
D5/11'10
T55.00
N405
PCliente
LVendas/RECEITA:Vendas
^
D5/11'10
T-270.00
PCCorrente
^
D6/11'10
T55.00
N409
PCliente
LVendas/RECEITA:Vendas
^
D6/11'10
T25.00
N416
PCliente
LVendas/RECEITA:Vendas
^
D8/11'10
T110.00
N422
PCliente
LVendas/RECEITA:Vendas
^
D9/11'10
T55.00
N424
PCliente
LVendas/RECEITA:Vendas
^
D9/11'10
T55.00
N425
PCliente
LVendas/RECEITA:Vendas
^
D9/11'10
T25.00
N428
PCliente
LVendas/RECEITA:Vendas
^
D9/11'10
T-350.00
PCCorrente
^
D10/11'10
T220.00
N431
PCliente
LVendas/RECEITA:Vendas
^
D10/11'10
T55.00
N432
PCliente
LVendas/RECEITA:Vendas
^
D10/11'10
T55.00
N434
PCliente
LVendas/RECEITA:Vendas
^
D10/11'10
T110.00
N435
PCliente
LVendas/RECEITA:Vendas
^
D10/11'10
T-250.00
PCCorrente
^
D11/11'10
T25.00
N440
PCliente
LVendas/RECEITA:Vendas
^
D11/11'10
T-240.00
PCCorrente
^
D12/11'10
T110.00
N442
PCliente
LVendas/RECEITA:Vendas
^
D12/11'10
T55.00
N450
PCliente
LVendas/RECEITA:Vendas
^
D12/11'10
T110.00
N451
PCliente
LVendas/RECEITA:Vendas
^
D13/11'10
T55.00
N454
PCliente
LVendas/RECEITA:Vendas
^
D13/11'10
T55.00
N458
PCliente
LVendas/RECEITA:Vendas
^
D13/11'10
T-390.00
PCCorrente
^
D16/11'10
T110.00
N464
PCliente
LVendas/RECEITA:Vendas
^
D16/11'10
T-30.00
PXerox
LMaterial:Consumo/CONSUMO:Material
^
D17/11'10
T55.00
N466
PCliente
LVendas/RECEITA:Vendas
^
D18/11'10
T25.00
N471
PCliente
LVendas/RECEITA:Vendas
^
D19/11'10
T55.00
N474
PCliente
LVendas/RECEITA:Vendas
^
D19/11'10
T-210.00
PCCorrente
^
D20/11'10
T80.00
N484
PCliente
LVendas/RECEITA:Vendas
^
D22/11'10
T55.00
N486
PCliente
LVendas/RECEITA:Vendas
^
D23/11'10
T165.00
N493
PCliente
LVendas/RECEITA:Vendas
^
D24/11'10
T110.00
N497
PCliente
LVendas/RECEITA:Vendas
^
D24/11'10
T-111.00
PFormedics
^
D24/11'10
T-300.00
PCCorrente
^
D26/11'10
T220.00
N501
PCliente
LVendas/RECEITA:Vendas
^
D26/11'10
T-200.00
PCCorrente
^
D27/11'10
T110.00
N509
PCliente
LVendas/RECEITA:Vendas
^
D27/11'10
T55.00
N512
PCliente
LVendas/RECEITA:Vendas
^
D27/11'10
T55.00
N516
PCliente
LVendas/RECEITA:Vendas
^
D29/11'10
T110.00
N526
PCliente
LVendas/RECEITA:Vendas
^
D29/11'10
T55.00
N529
PCliente
LVendas/RECEITA:Vendas
^
D29/11'10
T-5.50
PAgua Mineral
^
D29/11'10
T-18.90
PXerox
LMaterial:Consumo/CONSUMO:Material
^
D30/11'10
T110.00
N531
PCliente
LVendas/RECEITA:Vendas
^
D30/11'10
T-500.00
PCCorrente
^
D1/12'10
T55.00
N533
PCliente
LVendas/RECEITA:Vendas
^
D1/12'10
T55.00
N536
PCliente
LVendas/RECEITA:Vendas
^
D1/12'10
T55.00
N537
PCliente
LVendas/RECEITA:Vendas
^
D3/12'10
T55.00
N543
PCliente
LVendas/RECEITA:Vendas
^
D3/12'10
T25.00
N544
PCliente
LVendas/RECEITA:Vendas
^
D3/12'10
T55.00
N545
PCliente
LVendas/RECEITA:Vendas
^
D3/12'10
T-220.00
PCCorrente
^
D4/12'10
T90.00
N550
PCliente
LVendas/RECEITA:Vendas
^
D4/12'10
T110.00
N554
PCliente
LVendas/RECEITA:Vendas
^
D6/12'10
T-250.00
PCCorrente
^
D7/12'10
T80.00
N563
PCliente
LVendas/RECEITA:Vendas
^
D7/12'10
T25.00
N565
PCliente
LVendas/RECEITA:Vendas
^
D7/12'10
T110.00
N567
PCliente
LVendas/RECEITA:Vendas
^
D8/12'10
T110.00
N568
PCliente
LVendas/RECEITA:Vendas
^
D8/12'10
T55.00
N570
PCliente
LVendas/RECEITA:Vendas
^
D8/12'10
T25.00
N571
PCliente
LVendas/RECEITA:Vendas
^
D8/12'10
T-350.00
PCCorrente
^
D9/12'10
T55.00
N573
PCliente
LVendas/RECEITA:Vendas
^
D9/12'10
T110.00
N574
PCliente
LVendas/RECEITA:Vendas
^
D9/12'10
T110.00
N578
PCliente
LVendas/RECEITA:Vendas
^
D9/12'10
T55.00
N580
PCliente
LVendas/RECEITA:Vendas
^
D10/12'10
T-400.00
PCCorrente
^
D11/12'10
T55.00
N593
PCliente
LVendas/RECEITA:Vendas
^
D13/12'10
T110.00
N599
PCliente
LVendas/RECEITA:Vendas
^
D14/12'10
T245.00
N604
PCliente
LVendas/RECEITA:Vendas
^
D14/12'10
T55.00
N607
PCliente
LVendas/RECEITA:Vendas
^
D14/12'10
T55.00
N609
PCliente
LVendas/RECEITA:Vendas
^
D14/12'10
T55.00
N612
PCliente
LVendas/RECEITA:Vendas
^
D15/12'10
T-5.50
PAgua Mineral
^
D15/12'10
T-580.00
PCCorrente
^
D15/12'10
T55.00
N616
PCliente
LVendas/RECEITA:Vendas
^
D16/12'10
T55.00
N619
PCliente
LVendas/RECEITA:Vendas
^
D17/12'10
T55.00
N624
PCliente
LVendas/RECEITA:Vendas
^
D17/12'10
T-200.00
PCCorrente
^
D17/12'10
T55.00
N623
PCliente
LVendas/RECEITA:Vendas
^
D18/12'10
T55.00
N625
PCliente
LVendas/RECEITA:Vendas
^
D18/12'10
T110.00
N630
PCliente
LVendas/RECEITA:Vendas
^
D20/12'10
T25.00
N637
PCliente
LVendas/RECEITA:Vendas
^
D20/12'10
T25.00
N640
PCliente
LVendas/RECEITA:Vendas
^
D20/12'10
T55.00
N643
PCliente
LVendas/RECEITA:Vendas
^
D20/12'10
T-230.00
PCCorrente
^
D21/12'10
T110.00
N645
PCliente
LVendas/RECEITA:Vendas
^
D21/12'10
T165.00
N647
PCliente
LVendas/RECEITA:Vendas
^
D22/12'10
T55.00
N648
PCliente
LVendas/RECEITA:Vendas
^
D22/12'10
T135.00
N650
PCliente
LVendas/RECEITA:Vendas
^
D22/12'10
T-520.00
PCCorrente
^
D23/12'10
T55.00
N655
PCliente
LVendas/RECEITA:Vendas
^
D23/12'10
T55.00
N656
PCliente
LVendas/RECEITA:Vendas
^
D27/12'10
T110.00
N659
PCliente
LVendas/RECEITA:Vendas
^
D27/12'10
T110.00
N662
PCliente
LVendas/RECEITA:Vendas
^
D27/12'10
T-300.00
PCCorrente
^
D28/12'10
T55.00
N664
PCliente
LVendas/RECEITA:Vendas
^
D29/12'10
T55.00
N669
PCliente
LVendas/RECEITA:Vendas
^
D29/12'10
T55.00
N670
PCliente
LVendas/RECEITA:Vendas
^
D30/12'10
T55.00
N671
PCliente
LVendas/RECEITA:Vendas
^
D30/12'10
T-40.10
PXerox
LMaterial:Consumo/CONSUMO:Material
^
D30/12'10
T-200.00
PCCorrente
^
D3/1'11
T-6.50
PAgua Mineral
^
D5/1'11
T55.00
N683
PCliente
LVendas/RECEITA:Vendas
^
D6/1'11
T25.00
N686
PCliente
LVendas/RECEITA:Vendas
^
D6/1'11
T55.00
N687
PCliente
LVendas/RECEITA:Vendas
^
D7/1'11
T110.00
N690
PCliente
LVendas/RECEITA:Vendas
^
D7/1'11
T55.00
N694
PCliente
LVendas/RECEITA:Vendas
^
D7/1'11
T-300.00
PCCorrente
^
D7/1'11
T150.00
N696
PCliente
LVendas/RECEITA:Vendas
^
D8/1'11
T110.00
N700
PCliente
LVendas/RECEITA:Vendas
^
D8/1'11
T110.00
N702
PCliente
LVendas/RECEITA:Vendas
^
D8/1'11
T55.00
N705
PCliente
LVendas/RECEITA:Vendas
^
D8/1'11
T-430.00
PCCorrente
^
D10/1'11
T110.00
N711
PCliente
LVendas/RECEITA:Vendas
^
D11/1'11
T220.00
N715
PCliente
LVendas/RECEITA:Vendas
^
D12/1'11
T55.00
N719
PCliente
LVendas/RECEITA:Vendas
^
D12/1'11
T-390.00
PCCorrente
^
D13/1'11
T110.00
N727
PCliente
LVendas/RECEITA:Vendas
^
D14/1'11
T110.00
N729
PCliente
LVendas/RECEITA:Vendas
^
D14/1'11
T55.00
N731
PCliente
LVendas/RECEITA:Vendas
^
D14/1'11
T110.00
N732
PCliente
LVendas/RECEITA:Vendas
^
D14/1'11
T55.00
N733
PCliente
LVendas/RECEITA:Vendas
^
D14/1'11
T50.00
N735
PCliente
LVendas/RECEITA:Vendas
^
D15/1'11
T55.00
N736
PCliente
LVendas/RECEITA:Vendas
^
D15/1'11
T110.00
N743
PCliente
LVendas/RECEITA:Vendas
^
D15/1'11
T-650.00
PCCorrente
^
D17/1'11
T110.00
N747
PCliente
LVendas/RECEITA:Vendas
^
D17/1'11
T125.00
N748
PCliente
LVendas/RECEITA:Vendas
^
D17/1'11
T55.00
N751
PCliente
LVendas/RECEITA:Vendas
^
D18/1'11
T55.00
N757
PCliente
LVendas/RECEITA:Vendas
^
D18/1'11
T-350.00
PCCorrente
^
D18/1'11
T55.00
N760
PCliente
LVendas/RECEITA:Vendas
^
D19/1'11
T55.00
N765
PCliente
LVendas/RECEITA:Vendas
^
D19/1'11
T-6.00
PAgua Mineral
^
D21/1'11
T55.00
N766
PCliente
LVendas/RECEITA:Vendas
^
D21/1'11
T55.00
N767
PCliente
LVendas/RECEITA:Vendas
^
D21/1'11
T80.00
N769
PCliente
LVendas/RECEITA:Vendas
^
D21/1'11
T110.00
N773
PCliente
LVendas/RECEITA:Vendas
^
D21/1'11
T25.00
N774
PCliente
LVendas/RECEITA:Vendas
^
D21/1'11
T110.00
N775
PCliente
LVendas/RECEITA:Vendas
^
D21/1'11
T-540.00
PCCorrente
^
D22/1'11
T55.00
N776
PCliente
LVendas/RECEITA:Vendas
^
D22/1'11
T55.00
N777
PCliente
LVendas/RECEITA:Vendas
^
D22/1'11
T110.00
N780
PCliente
LVendas/RECEITA:Vendas
^
D22/1'11
T-230.00
PCCorrente
^
D26/1'11
T55.00
N787
PCliente
LVendas/RECEITA:Vendas
^
D27/1'11
T220.00
N790
PCliente
LVendas/RECEITA:Vendas
^
D27/1'11
T110.00
N791
PCliente
LVendas/RECEITA:Vendas
^
D27/1'11
T-370.00
PCCorrente
^
D27/1'11
T55.00
N794
PCliente
LVendas/RECEITA:Vendas
^
D28/1'11
T55.00
N796
PCliente
LVendas/RECEITA:Vendas
^
D28/1'11
T25.00
N797
PCliente
LVendas/RECEITA:Vendas
^
D28/1'11
T55.00
N798
PCliente
LVendas/RECEITA:Vendas
^
D28/1'11
T220.00
N799
PCliente
LVendas/RECEITA:Vendas
^
D29/1'11
T-19.80
PXerox
LMaterial:Consumo/CONSUMO:Material
^
D29/1'11
T-380.00
PCCorrente
^
D2/2'11
T80.00
N813
PCliente
LVendas/RECEITA:Vendas
^
D3/2'11
T110.00
N816
PCliente
LVendas/RECEITA:Vendas
^
D3/2'11
T90.00
N817
PCliente
LVendas/RECEITA:Vendas
^
D4/2'11
T55.00
N818
PCliente
LVendas/RECEITA:Vendas
^
D4/2'11
T110.00
N821
PCliente
LVendas/RECEITA:Vendas
^
D4/2'11
T-450.00
PCCorrente
^
D5/2'11
T-6.00
PAgua Mineral
^
D5/2'11
T55.00
N824
PCliente
LVendas/RECEITA:Vendas
^
D5/2'11
T55.00
N831
PCliente
LVendas/RECEITA:Vendas
^
D7/2'11
T55.00
N835
PCliente
LVendas/RECEITA:Vendas
^
D8/2'11
T55.00
N840
PCliente
LVendas/RECEITA:Vendas
^
D8/2'11
T-200.00
PCCorrente
^
D9/2'11
T55.00
N847
PCliente
LVendas/RECEITA:Vendas
^
D10/2'11
T110.00
N850
PCliente
LVendas/RECEITA:Vendas
^
D10/2'11
T110.00
N852
PCliente
LVendas/RECEITA:Vendas
^
D11/2'11
T165.00
N854
PCliente
LVendas/RECEITA:Vendas
^
D11/2'11
T-430.00
PCCorrente
^
D11/2'11
Msacolas sacolas
T-36.00
PDpil Catete
^
D11/2'11
Mcheque cheque
T-220.00
PCCorrente
^
D12/2'11
T55.00
N860
PCliente
LVendas/RECEITA:Vendas
^
D12/2'11
T55.00
N865
PCliente
LVendas/RECEITA:Vendas
^
D12/2'11
T110.00
N866
PCliente
LVendas/RECEITA:Vendas
^
D12/2'11
Mcheque
T-200.00
PCCorrente
^
D12/2'11
T220.00
N879
PCliente
LVendas/RECEITA:Vendas
^
D14/2'11
T55.00
N870
PCliente
LVendas/RECEITA:Vendas
^
D14/2'11
MPassagem Fernanda 14/2 a 19/2 Passagem Fernanda 14/2 a 19/2
T-52.20
PFernanda
LFolha:Salario
^
D14/2'11
T-5.50
PAgua Mineral
^
D14/2'11
T-9.00
PXerox
LMaterial:Consumo/CONSUMO:Material
^
D14/2'11
Mcheque cheque
T-165.00
PCCorrente
^
D15/2'11
T165.00
N868
PCliente
LVendas/RECEITA:Vendas
^
D15/2'11
T25.00
N872
PCliente
LVendas/RECEITA:Vendas
^
D15/2'11
T-2.90
PAgua Mineral
^
D16/2'11
T160.00
N875
PCliente
LVendas/RECEITA:Vendas
^
D16/2'11
T110.00
N876
PCliente
LVendas/RECEITA:Vendas
^
D16/2'11
T55.00
N877
PCliente
LVendas/RECEITA:Vendas
^
D16/2'11
T-32.00
PChaveiro
LMaterial:Consumo
^
D16/2'11
Mcheque
T-150.00
PCCorrente
^
D16/2'11
Mcheque cheque
T-160.00
PCCorrente
^
D16/2'11
T55.00
N882
PCliente
LVendas/RECEITA:Vendas
^
D17/2'11
T165.00
N884
PCliente
LVendas/RECEITA:Vendas
^
D17/2'11
Mcheque
T-230.00
PCCorrente
^
D17/2'11
Mchque chque
T-55.00
PCCorrente
^
D18/2'11
T55.00
N886
PCliente
LVendas/RECEITA:Vendas
^
D19/2'11
T36.00
PRetorno Sacolas
^
D19/2'11
T55.00
N892
PCliente
LVendas/RECEITA:Vendas
^
D19/2'11
MPassagens Fernanda 21/2 a 26/2 e 28/2 Passagens Fernanda 21/2 a 26/2 e 28/2
T-60.90
PFernanda
LFolha:Salario
^
D21/2'11
T55.00
N906
PCliente
LVendas/RECEITA:Vendas
^
D22/2'11
T-6.00
PAgua Mineral
^
D23/2'11
T55.00
N914
PCliente
LVendas/RECEITA:Vendas
^
D23/2'11
T55.00
N915
PCliente
LVendas/RECEITA:Vendas
^
D23/2'11
Mchque
T-190.00
PCCorrente
^
D24/2'11
T110.00
N916
PCliente
LVendas/RECEITA:Vendas
^
D25/2'11
T55.00
N920
PCliente
LVendas/RECEITA:Vendas
^
D26/2'11
T110.00
N924
PCliente
LVendas/RECEITA:Vendas
^
D26/2'11
T55.00
N927
PCliente
LVendas/RECEITA:Vendas
^
D26/2'11
T55.00
N928
PCliente
LVendas/RECEITA:Vendas
^
D27/2'11
T110.00
N926
PCliente
LVendas/RECEITA:Vendas
^
D28/2'11
Mchque
T-370.00
PCCorrente
^
D28/2'11
Mcheque cheque
T-110.00
PCCorrente
^
D28/2'11
T110.00
N933
PCliente
LVendas/RECEITA:Vendas
^
D28/2'11
T55.00
N936
PCliente
LVendas/RECEITA:Vendas
^
D1/3'11
T120.00
N941
PCliente
LVendas/RECEITA:Vendas
^
D2/3'11
T110.00
N943
PCliente
LVendas/RECEITA:Vendas
^
D2/3'11
Mcheque
T-400.00
PCCorrente
^
D3/3'11
T55.00
N949
PCliente
LVendas/RECEITA:Vendas
^
D4/3'11
T-14.00
PLampada
^
D4/3'11
T55.00
N953
PCliente
LVendas/RECEITA:Vendas
^
D10/3'11
T220.00
N955
PCliente
LVendas/RECEITA:Vendas
^
D10/3'11
Mcheque
T-300.00
PCCorrente
^
D11/3'11
T110.00
N960
PCliente
LVendas/RECEITA:Vendas
^
D11/3'11
T-6.00
PAgua Mineral
^
D11/3'11
T-100.00
PConcerto da Porta
LManutenção:Porta
^
D11/3'11
T55.00
N964
PCliente
LVendas/RECEITA:Vendas
^
D12/3'11
T110.00
N967
PCliente
LVendas/RECEITA:Vendas
^
D12/3'11
T55.00
N975
PCliente
LVendas/RECEITA:Vendas
^
D12/3'11
T55.00
N977
PCliente
LVendas/RECEITA:Vendas
^
D12/3'11
Mcheque
T-300.00
PCCorrente
^
D14/3'11
T55.00
N978
PCliente
LVendas/RECEITA:Vendas
^
D14/3'11
T-55.00
PXerox
LMaterial:Consumo/CONSUMO:Material
^
D15/3'11
T25.00
N986
PCliente
LVendas/RECEITA:Vendas
^
D15/3'11
T110.00
N987
PCliente
LVendas/RECEITA:Vendas
^
D16/3'11
T55.00
N991
PCliente
LVendas/RECEITA:Vendas
^
D16/3'11
T165.00
N992
PCliente
LVendas/RECEITA:Vendas
^
D16/3'11
T25.00
N993
PCliente
LVendas/RECEITA:Vendas
^
D16/3'11
T55.00
N996
PCliente
LVendas/RECEITA:Vendas
^
D16/3'11
Mcheque
T-480.00
PCCorrente
^
D17/3'11
T55.00
N998
PCliente
LVendas/RECEITA:Vendas
^
D17/3'11
T25.00
N999
PCliente
LVendas/RECEITA:Vendas
^
D18/3'11
T25.00
N1011
PCliente
LVendas/RECEITA:Vendas
^
D19/3'11
T25.00
N1014
PCliente
LVendas/RECEITA:Vendas
^
D21/3'11
T55.00
N1019
PCliente
LVendas/RECEITA:Vendas
^
D21/3'11
T110.00
N1020
PCliente
LVendas/RECEITA:Vendas
^
D21/3'11
T110.00
N1021
PCliente
LVendas/RECEITA:Vendas
^
D21/3'11
T55.00
N1022
PCliente
LVendas/RECEITA:Vendas
^
D21/3'11
T-6.00
PAgua Mineral
^
D21/3'11
Mcheque
T-400.00
PCCorrente
^
D22/3'11
T165.00
N1028
PCliente
LVendas/RECEITA:Vendas
^
D23/3'11
T55.00
N1033
PCliente
LVendas/RECEITA:Vendas
^
D23/3'11
T55.00
N1034
PCliente
LVendas/RECEITA:Vendas
^
D23/3'11
T-0.15
PXerox
LMaterial:Consumo/CONSUMO:Material
^
D23/3'11
T55.00
N1038
PCliente
LVendas/RECEITA:Vendas
^
D23/3'11
Mtroco Errado troco Errado
T-10.00
PFernanda
LFolha:Salario
^
D24/3'11
T110.00
N1042
PCliente
LVendas/RECEITA:Vendas
^
D24/3'11
Mcheque
T-430.00
PCCorrente
^
D25/3'11
T55.00
N1050
PCliente
LVendas/RECEITA:Vendas
^
D25/3'11
Mcheque cheque
T-165.00
PCCorrente
^
D26/3'11
T165.00
N1046
PCliente
LVendas/RECEITA:Vendas
^
D26/3'11
T110.00
N1054
PCliente
LVendas/RECEITA:Vendas
^
D26/3'11
T-2.45
PEsparadrapo
^
D26/3'11
T25.00
N1061
PCliente
LVendas/RECEITA:Vendas
^
D26/3'11
Mcheque
T-200.00
PCCorrente
^
D28/3'11
T110.00
N1066
PCliente
LVendas/RECEITA:Vendas
^
D30/3'11
T55.00
N1076
PCliente
LVendas/RECEITA:Vendas
^
D30/3'11
Mcheque cheque
T-55.00
PCCorrente
^
D31/3'11
T110.00
N1086
PCliente
LVendas/RECEITA:Vendas
^
D1/4'11
T-6.00
PAgua Mineral
^
D1/4'11
Mcheque
T-265.00
PCCorrente
^
D2/4'11
T55.00
N1088
PCliente
LVendas/RECEITA:Vendas
^
D2/4'11
T55.00
N1093
PCliente
LVendas/RECEITA:Vendas
^
D2/4'11
Mcheque cheque
T-110.00
PCCorrente
^
D2/4'11
T55.00
N1103
PCliente
LVendas/RECEITA:Vendas
^
D3/4'11
T110.00
N1100
PCliente
LVendas/RECEITA:Vendas
^
D4/4'11
T110.00
N1113
PCliente
LVendas/RECEITA:Vendas
^
D5/4'11
T110.00
N1114
PCliente
LVendas/RECEITA:Vendas
^
D5/4'11
T-50.00
PXerox
LMaterial:Consumo/CONSUMO:Material
^
D5/4'11
T55.00
N1119
PCliente
LVendas/RECEITA:Vendas
^
D5/4'11
T25.00
N1120
PCliente
LVendas/RECEITA:Vendas
^
D5/4'11
T55.00
N1122
PCliente
LVendas/RECEITA:Vendas
^
D5/4'11
Mcheque
T-420.00
PCCorrente
^
D6/4'11
T55.00
N1127
PCliente
LVendas/RECEITA:Vendas
^
D6/4'11
T-73.00
PChaveiro
LMaterial:Consumo
^
D6/4'11
T165.00
N1131
PCliente
LVendas/RECEITA:Vendas
^
D7/4'11
T110.00
N1133
PCliente
LVendas/RECEITA:Vendas
^
D7/4'11
T55.00
N1134
PCliente
LVendas/RECEITA:Vendas
^
D8/4'11
Mcheque
T-300.00
PCCorrente
^
D8/4'11
T55.00
N1144
PCliente
LVendas/RECEITA:Vendas
^
D9/4'11
T220.00
N1152
PCliente
LVendas/RECEITA:Vendas
^
D9/4'11
T80.00
N1153
PCliente
LVendas/RECEITA:Vendas
^
D9/4'11
T55.00
N1155
PCliente
LVendas/RECEITA:Vendas
^
D11/4'11
T-6.00
PAgua Mineral
^
D11/4'11
T110.00
N1158
PCliente
LVendas/RECEITA:Vendas
^
D11/4'11
T55.00
N1160
PCliente
LVendas/RECEITA:Vendas
^
D11/4'11
Mcheque
T-550.00
PCCorrente
^
D11/4'11
T25.00
N1162
PCliente
LVendas/RECEITA:Vendas
^
D11/4'11
T55.00
N1166
PCliente
LVendas/RECEITA:Vendas
^
D11/4'11
T55.00
N1168
PCliente
LVendas/RECEITA:Vendas
^
D12/4'11
T110.00
N1171
PCliente
LVendas/RECEITA:Vendas
^
D12/4'11
T25.00
N1173
PCliente
LVendas/RECEITA:Vendas
^
D12/4'11
T80.00
N1175
PCliente
LVendas/RECEITA:Vendas
^
D12/4'11
Mcheque
T-600.00
PCCorrente
^
D13/4'11
T220.00
N1170
PCliente
LVendas/RECEITA:Vendas
^
D13/4'11
T25.00
N1178
PCliente
LVendas/RECEITA:Vendas
^
D13/4'11
T55.00
N1183
PCliente
LVendas/RECEITA:Vendas
^
D14/4'11
T110.00
N1188
PCliente
LVendas/RECEITA:Vendas
^
D15/4'11
T110.00
N1194
PCliente
LVendas/RECEITA:Vendas
^
D15/4'11
T55.00
N1197
PCliente
LVendas/RECEITA:Vendas
^
D15/4'11
T25.00
N1200
PCliente
LVendas/RECEITA:Vendas
^
D16/4'11
T110.00
N1209
PCliente
LVendas/RECEITA:Vendas
^
D16/4'11
T165.00
N1210
PCliente
LVendas/RECEITA:Vendas
^
D16/4'11
T55.00
N1211
PCliente
LVendas/RECEITA:Vendas
^
D16/4'11
Mcheque
T-700.00
PCCorrente
^
D16/4'11
T55.00
N1212
PCliente
LVendas/RECEITA:Vendas
^
D18/4'11
T55.00
N1214
PCliente
LVendas/RECEITA:Vendas
^
D18/4'11
T110.00
N1217
PCliente
LVendas/RECEITA:Vendas
^
D19/4'11
T25.00
N1225
PCliente
LVendas/RECEITA:Vendas
^
D20/4'11
T55.00
N1230
PCliente
LVendas/RECEITA:Vendas
^
D20/4'11
Mcheque
T-300.00
PCCorrente
^
D25/4'11
T165.00
N1239
PCliente
LVendas/RECEITA:Vendas
^
D25/4'11
T110.00
N1241
PCliente
LVendas/RECEITA:Vendas
^
D25/4'11
T55.00
N1243
PCliente
LVendas/RECEITA:Vendas
^
D25/4'11
T55.00
N1244
PCliente
LVendas/RECEITA:Vendas
^
D26/4'11
T55.00
N1252
PCliente
LVendas/RECEITA:Vendas
^
D26/4'11
Mcheque
T-450.00
PCCorrente
^
D27/4'11
Mcheque cheque
T-165.00
PCCorrente
^
D28/4'11
T165.00
N1253
PCliente
LVendas/RECEITA:Vendas
^
D29/4'11
T110.00
N1263
PCliente
LVendas/RECEITA:Vendas
^
D29/4'11
Mcheque cheque
T-110.00
PCCorrente
^
D30/4'11
T-47.00
PXerox
LMaterial:Consumo/CONSUMO:Material
^
D30/4'11
T55.00
N1275
PCliente
LVendas/RECEITA:Vendas
^
D30/4'11
T25.00
N1280
PCliente
LVendas/RECEITA:Vendas
^
D30/4'11
T55.00
N1284
PCliente
LVendas/RECEITA:Vendas
^
D2/5'11
T-7.00
PAgua Mineral
^
D2/5'11
T110.00
N1291
PCliente
LVendas/RECEITA:Vendas
^
D2/5'11
T55.00
N1298
PCliente
LVendas/RECEITA:Vendas
^
D2/5'11
Mcheque
T-200.00
PCCorrente
^
D3/5'11
T25.00
N1301
PCliente
LVendas/RECEITA:Vendas
^
D3/5'11
T110.00
N1305
PCliente
LVendas/RECEITA:Vendas
^
D3/5'11
T25.00
N1306
PCliente
LVendas/RECEITA:Vendas
^
D4/5'11
T110.00
N1310
PCliente
LVendas/RECEITA:Vendas
^
D4/5'11
T55.00
N1315
PCliente
LVendas/RECEITA:Vendas
^
D4/5'11
Mcheque
T-480.00
PCCorrente
^
D5/5'11
T110.00
N1312
PCliente
LVendas/RECEITA:Vendas
^
D5/5'11
T55.00
N1316
PCliente
LVendas/RECEITA:Vendas
^
D5/5'11
T80.00
N1319
PCliente
LVendas/RECEITA:Vendas
^
D5/5'11
T80.00
N1322
PCliente
LVendas/RECEITA:Vendas
^
D6/5'11
T55.00
N1332
PCliente
LVendas/RECEITA:Vendas
^
D6/5'11
T20.00
N1331
PCliente
LVendas/RECEITA:Vendas
^
D6/5'11
T55.00
N1335
PCliente
LVendas/RECEITA:Vendas
^
D7/5'11
Mcheque
T-405.00
PCCorrente
^
D7/5'11
T110.00
N1344
PCliente
LVendas/RECEITA:Vendas
^
D8/5'11
T55.00
N1340
PCliente
LVendas/RECEITA:Vendas
^
D9/5'11
T55.00
N1345
PCliente
LVendas/RECEITA:Vendas
^
D9/5'11
T110.00
N1349
PCliente
LVendas/RECEITA:Vendas
^
D10/5'11
T110.00
N1357
PCliente
LVendas/RECEITA:Vendas
^
D10/5'11
Mcheque
T-380.00
PCCorrente
^
D11/5'11
T55.00
N1361
PCliente
LVendas/RECEITA:Vendas
^
D11/5'11
T55.00
N1364
PCliente
LVendas/RECEITA:Vendas
^
D11/5'11
T55.00
N1365
PCliente
LVendas/RECEITA:Vendas
^
D11/5'11
T55.00
N1367
PCliente
LVendas/RECEITA:Vendas
^
D11/5'11
Mcheque
T-220.00
PCCorrente
^
D12/5'11
T220.00
N1368
PCliente
LVendas/RECEITA:Vendas
^
D12/5'11
T55.00
N1370
PCliente
LVendas/RECEITA:Vendas
^
D13/5'11
T55.00
N1379
PCliente
LVendas/RECEITA:Vendas
^
D13/5'11
T100.00
N1380
PCliente
LVendas/RECEITA:Vendas
^
D13/5'11
Mcheque
T-430.00
PCCorrente
^
D13/5'11
Mcheque cheque
T-80.00
PCCorrente
^
D14/5'11
T80.00
N1382
PCliente
LVendas/RECEITA:Vendas
^
D14/5'11
T-6.00
PAgua Mineral
^
D14/5'11
T55.00
N1389
PCliente
LVendas/RECEITA:Vendas
^
D16/5'11
T55.00
N1395
PCliente
LVendas/RECEITA:Vendas
^
D16/5'11
T220.00
N1396
PCliente
LVendas/RECEITA:Vendas
^
D16/5'11
T25.00
N1397
PCliente
LVendas/RECEITA:Vendas
^
D16/5'11
T110.00
N1398
PCliente
LVendas/RECEITA:Vendas
^
D16/5'11
Mcheque
T-460.00
PCCorrente
^
D16/5'11
T110.00
N1399
PCliente
LVendas/RECEITA:Vendas
^
D16/5'11
T55.00
N1400
PCliente
LVendas/RECEITA:Vendas
^
D17/5'11
T55.00
N1402
PCliente
LVendas/RECEITA:Vendas
^
D18/5'11
T135.00
N1410
PCliente
LVendas/RECEITA:Vendas
^
D18/5'11
T55.00
N1414
PCliente
LVendas/RECEITA:Vendas
^
D18/5'11
Mcheque
T-400.00
PCCorrente
^
D20/5'11
T110.00
N1426
PCliente
LVendas/RECEITA:Vendas
^
D20/5'11
T55.00
N1428
PCliente
LVendas/RECEITA:Vendas
^
D21/5'11
T55.00
N1429
PCliente
LVendas/RECEITA:Vendas
^
D21/5'11
T55.00
N1434
PCliente
LVendas/RECEITA:Vendas
^
D21/5'11
T80.00
N1436
PCliente
LVendas/RECEITA:Vendas
^
D23/5'11
T55.00
N1440
PCliente
LVendas/RECEITA:Vendas
^
D23/5'11
T55.00
N1442
PCliente
LVendas/RECEITA:Vendas
^
D23/5'11
Mcheque
T-450.00
PCCorrente
^
D23/5'11
Mcheque
T-20.00
PCCorrente
^
D24/5'11
Mcheque
T-245.00
PCCorrente
^
D25/5'11
T135.00
N1449
PCliente
LVendas/RECEITA:Vendas
^
D26/5'11
T110.00
N1452
PCliente
LVendas/RECEITA:Vendas
^
D26/5'11
T55.00
N1460
PCliente
LVendas/RECEITA:Vendas
^
D26/5'11
T55.00
N1465
PCliente
LVendas/RECEITA:Vendas
^
D27/5'11
T55.00
N1472
PCliente
LVendas/RECEITA:Vendas
^
D27/5'11
Mcheque
T-315.00
PCCorrente
^
D28/5'11
T165.00
N1467
PCliente
LVendas/RECEITA:Vendas
^
D28/5'11
T25.00
N1476
PCliente
LVendas/RECEITA:Vendas
^
D28/5'11
T55.00
N1478
PCliente
LVendas/RECEITA:Vendas
^
D28/5'11
T-6.00
PAgua Mineral
^
D28/5'11
T25.00
N1482
PCliente
LVendas/RECEITA:Vendas
^
D30/5'11
T110.00
N1487
PCliente
LVendas/RECEITA:Vendas
^
D31/5'11
T25.00
N1489
PCliente
LVendas/RECEITA:Vendas
^
D31/5'11
T55.00
N1492
PCliente
LVendas/RECEITA:Vendas
^
D1/6'11
T25.00
N1494
PCliente
LVendas/RECEITA:Vendas
^
D2/6'11
T55.00
N1501
PCliente
LVendas/RECEITA:Vendas
^
D2/6'11
Mcheque cheque
T-110.00
PCCorrente
^
D2/6'11
Mcheque
T-400.00
PCCorrente
^
D2/6'11
T110.00
N1504
PCliente
LVendas/RECEITA:Vendas
^
D3/6'11
T110.00
N1500
PCliente
LVendas/RECEITA:Vendas
^
D3/6'11
T25.00
N1506
PCliente
LVendas/RECEITA:Vendas
^
D3/6'11
T55.00
N1514
PCliente
LVendas/RECEITA:Vendas
^
D4/6'11
T55.00
N1519
PCliente
LVendas/RECEITA:Vendas
^
D4/6'11
T55.00
N1524
PCliente
LVendas/RECEITA:Vendas
^
D4/6'11
Mcheque
T-300.00
PCCorrente
^
D6/6'11
T55.00
N1525
PCliente
LVendas/RECEITA:Vendas
^
D6/6'11
T-75.00
PXerox
LMaterial:Consumo/CONSUMO:Material
^
D6/6'11
T110.00
N1529
PCliente
LVendas/RECEITA:Vendas
^
D6/6'11
T25.00
N1531
PCliente
LVendas/RECEITA:Vendas
^
D7/6'11
T110.00
N1533
PCliente
LVendas/RECEITA:Vendas
^
D8/6'11
T55.00
N1541
PCliente
LVendas/RECEITA:Vendas
^
D8/6'11
T55.00
N1543
PCliente
LVendas/RECEITA:Vendas
^
D8/6'11
Mcheque
T-300.00
PCCorrente
^
D9/6'11
T55.00
N1556
PCliente
LVendas/RECEITA:Vendas
^
D10/6'11
T55.00
N1559
PCliente
LVendas/RECEITA:Vendas
^
D10/6'11
T110.00
N1567
PCliente
LVendas/RECEITA:Vendas
^
D10/6'11
Mcheque cheque
T-55.00
PCCorrente
^
D10/6'11
T-6.00
PAgua Mineral
^
D11/6'11
T55.00
N1562
PCliente
LVendas/RECEITA:Vendas
^
D11/6'11
T55.00
N1570
PCliente
LVendas/RECEITA:Vendas
^
D11/6'11
T220.00
N1571
PCliente
LVendas/RECEITA:Vendas
^
D11/6'11
T55.00
N1575
PCliente
LVendas/RECEITA:Vendas
^
D11/6'11
Mcheque
T-550.00
PCCorrente
^
D13/6'11
T55.00
N1580
PCliente
LVendas/RECEITA:Vendas
^
D13/6'11
T55.00
N1585
PCliente
LVendas/RECEITA:Vendas
^
D13/6'11
T110.00
N1586
PCliente
LVendas/RECEITA:Vendas
^
D13/6'11
T55.00
N1582
PCliente
LVendas/RECEITA:Vendas
^
D14/6'11
T110.00
N1587
PCliente
LVendas/RECEITA:Vendas
^
D14/6'11
T55.00
N1589
PCliente
LVendas/RECEITA:Vendas
^
D14/6'11
T110.00
N1591
PCliente
LVendas/RECEITA:Vendas
^
D14/6'11
T50.00
N1592
PCliente
LVendas/RECEITA:Vendas
^
D14/6'11
Mcheque
T-710.00
PCCorrente
^
D15/6'11
T110.00
N1588
PCliente
LVendas/RECEITA:Vendas
^
D16/6'11
T55.00
N1599
PCliente
LVendas/RECEITA:Vendas
^
D16/6'11
T55.00
N1602
PCliente
LVendas/RECEITA:Vendas
^
D17/6'11
T110.00
N1608
PCliente
LVendas/RECEITA:Vendas
^
D18/6'11
T110.00
N1610
PCliente
LVendas/RECEITA:Vendas
^
D18/6'11
T50.00
N1619
PCliente
LVendas/RECEITA:Vendas
^
D18/6'11
Mcheque
T-350.00
PCCorrente
^
D20/6'11
T55.00
N1625
PCliente
LVendas/RECEITA:Vendas
^
D21/6'11
T80.00
N1628
PCliente
LVendas/RECEITA:Vendas
^
D21/6'11
T55.00
N1630
PCliente
LVendas/RECEITA:Vendas
^
D21/6'11
T165.00
N1632
PCliente
LVendas/RECEITA:Vendas
^
D21/6'11
Mcheque
T-400.00
PCCorrente
^
D22/6'11
T55.00
N1642
PCliente
LVendas/RECEITA:Vendas
^
D22/6'11
T25.00
N1645
PCliente
LVendas/RECEITA:Vendas
^
D24/6'11
T55.00
N1649
PCliente
LVendas/RECEITA:Vendas
^
D24/6'11
T-5.00
PPano de chao
^
D24/6'11
T25.00
N1651
PCliente
LVendas/RECEITA:Vendas
^
D24/6'11
T80.00
N1652
PCliente
LVendas/RECEITA:Vendas
^
D24/6'11
T55.00
N1653
PCliente
LVendas/RECEITA:Vendas
^
D24/6'11
T110.00
N1655
PCliente
LVendas/RECEITA:Vendas
^
D25/6'11
T110.00
N1648
PCliente
LVendas/RECEITA:Vendas
^
D25/6'11
Mcheque
T-510.00
PCCorrente
^
D27/6'11
T-6.00
PAgua Mineral
^
D27/6'11
T25.00
N1667
PCliente
LVendas/RECEITA:Vendas
^
D28/6'11
Mcheque cheque
T-110.00
PCCorrente
^
D29/6'11
T110.00
N1675
PCliente
LVendas/RECEITA:Vendas
^
D29/6'11
Mcheque cheque
T-330.00
PCCorrente
^
D30/6'11
T165.00
N1677
PCliente
LVendas/RECEITA:Vendas
^
D30/6'11
T165.00
N1680
PCliente
LVendas/RECEITA:Vendas
^
D30/6'11
T115.00
N1686
PCliente
LVendas/RECEITA:Vendas
^
D30/6'11
Mcheque
T-165.00
PCCorrente
^
D1/7'11
T165.00
N1683
PCliente
LVendas/RECEITA:Vendas
^
D1/7'11
T110.00
N1692
PCliente
LVendas/RECEITA:Vendas
^
D2/7'11
T55.00
N1700
PCliente
LVendas/RECEITA:Vendas
^
D2/7'11
T55.00
N1702
PCliente
LVendas/RECEITA:Vendas
^
D2/7'11
T25.00
N1703
PCliente
LVendas/RECEITA:Vendas
^
D4/7'11
T50.00
N1707
PCliente
LVendas/RECEITA:Vendas
^
D4/7'11
MTransporte - 4/7 a 9/7 Transporte - 4/7 a 9/7
T-30.00
PBerenice
LFolha:Passagem/FOLHA:Benefício
^
D4/7'11
T55.00
N1711
PCliente
LVendas/RECEITA:Vendas
^
D4/7'11
Mcheque
T-450.00
PCCorrente
^
D5/7'11
T190.00
N1716
PCliente
LVendas/RECEITA:Vendas
^
D5/7'11
T110.00
N1713
PCliente
LVendas/RECEITA:Vendas
^
D6/7'11
Mcheque
T-300.00
PCCorrente
^
D7/7'11
T-55.00
PXerox
LMaterial:Consumo/CONSUMO:Material
^
D7/7'11
T55.00
N1725
PCliente
LVendas/RECEITA:Vendas
^
D7/7'11
T55.00
N1727
PCliente
LVendas/RECEITA:Vendas
^
D8/7'11
T55.00
N1730
PCliente
LVendas/RECEITA:Vendas
^
D8/7'11
T55.00
N1733
PCliente
LVendas/RECEITA:Vendas
^
D8/7'11
T55.00
N1734
PCliente
LVendas/RECEITA:Vendas
^
D8/7'11
Mcheque
T-200.00
PCCorrente
^
D9/7'11
T25.00
N1743
PCliente
LVendas/RECEITA:Vendas
^
D11/7'11
T55.00
N1744
PCliente
LVendas/RECEITA:Vendas
^
D11/7'11
MTransporte - 11/7 a 16/7 Transporte - 11/7 a 16/7
T-30.00
PBerenice
LFolha:Passagem/FOLHA:Benefício
^
D11/7'11
T55.00
N1746
PCliente
LVendas/RECEITA:Vendas
^
D11/7'11
T110.00
N1750
PCliente
LVendas/RECEITA:Vendas
^
D11/7'11
T-6.00
PAgua Mineral
^
D11/7'11
Mcheque
T-250.00
PCCorrente
^
D12/7'11
T110.00
N1751
PCliente
LVendas/RECEITA:Vendas
^
D13/7'11
T55.00
N1756
PCliente
LVendas/RECEITA:Vendas
^
D13/7'11
T55.00
N1757
PCliente
LVendas/RECEITA:Vendas
^
D13/7'11
MTransporte - 11/7 a 16/7 Transporte - 11/7 a 16/7
T-150.00
PBerenice
LFolha:Passagem/FOLHA:Benefício
^
D13/7'11
T55.00
N1758
PCliente
LVendas/RECEITA:Vendas
^
D13/7'11
T55.00
N1759
PCliente
LVendas/RECEITA:Vendas
^
D13/7'11
T110.00
N1760
PCliente
LVendas/RECEITA:Vendas
^
D13/7'11
Mcheque
T-250.00
PCCorrente
^
D14/7'11
T55.00
N1761
PCliente
LVendas/RECEITA:Vendas
^
D14/7'11
T55.00
N1762
PCliente
LVendas/RECEITA:Vendas
^
D14/7'11
T55.00
N1765
PCliente
LVendas/RECEITA:Vendas
^
D14/7'11
T55.00
N1769
PCliente
LVendas/RECEITA:Vendas
^
D15/7'11
T55.00
N1770
PCliente
LVendas/RECEITA:Vendas
^
D16/7'11
T55.00
N1786
PCliente
LVendas/RECEITA:Vendas
^
D16/7'11
Mcheque
T-300.00
PCCorrente
^
D18/7'11
MTransporte - 11/7 a 16/7
T-30.00
PBerenice
LFolha:Passagem/FOLHA:Benefício
^
D19/7'11
T55.00
N1792
PCliente
LVendas/RECEITA:Vendas
^
D20/7'11
T55.00
N1796
PCliente
LVendas/RECEITA:Vendas
^
D21/7'11
T110.00
N1798
PCliente
LVendas/RECEITA:Vendas
^
D21/7'11
T25.00
N1799
PCliente
LVendas/RECEITA:Vendas
^
D21/7'11
Mcheque
T-350.00
PCCorrente
^
D22/7'11
T110.00
N1804
PCliente
LVendas/RECEITA:Vendas
^
D22/7'11
T55.00
N1805
PCliente
LVendas/RECEITA:Vendas
^
D23/7'11
T135.00
N1803
PCliente
LVendas/RECEITA:Vendas
^
D23/7'11
T55.00
N1810
PCliente
LVendas/RECEITA:Vendas
^
D23/7'11
T25.00
N1813
PCliente
LVendas/RECEITA:Vendas
^
D23/7'11
T110.00
N1815
PCliente
LVendas/RECEITA:Vendas
^
D23/7'11
Mcheque
T-300.00
PCCorrente
^
D25/7'11
MTransporte - 11/7 a 16/7
T-30.00
PBerenice
LFolha:Passagem/FOLHA:Benefício
^
D25/7'11
T55.00
N1822
PCliente
LVendas/RECEITA:Vendas
^
D26/7'11
T165.00
N1818
PCliente
LVendas/RECEITA:Vendas
^
D27/7'11
T-6.00
PÁgua
^
D27/7'11
Mcheque
T-300.00
PCCorrente
^
D27/7'11
T25.00
N1833
PCliente
LVendas/RECEITA:Vendas
^
D29/7'11
T55.00
N1840
PCliente
LVendas/RECEITA:Vendas
^
D29/7'11
T110.00
N1841
PCliente
LVendas/RECEITA:Vendas
^
D29/7'11
T55.00
N1844
PCliente
LVendas/RECEITA:Vendas
^
D30/7'11
T-280.00
PAr Condicionado
LManutenção:Climatização
^
D30/7'11
T55.00
N1845
PCliente
LVendas/RECEITA:Vendas
^
D30/7'11
T55.00
N1846
PCliente
LVendas/RECEITA:Vendas
^
D30/7'11
T165.00
N1847
PCliente
LVendas/RECEITA:Vendas
^
D30/7'11
T110.00
N1848
PCliente
LVendas/RECEITA:Vendas
^
D30/7'11
T135.00
N1849
PCliente
LVendas/RECEITA:Vendas
^
D30/7'11
T25.00
N1850
PCliente
LVendas/RECEITA:Vendas
^
D30/7'11
T220.00
N1851
PCliente
LVendas/RECEITA:Vendas
^
D30/7'11
Mcheque
T-750.00
PCCorrente
^
D1/8'11
T55.00
N1853
PCliente
LVendas/RECEITA:Vendas
^
D1/8'11
MTransporte - 11/7 a 16/7
T-7.00
PBerenice
LFolha:Passagem/FOLHA:Benefício
^
D1/8'11
T110.00
N1856
PCliente
LVendas/RECEITA:Vendas
^
D1/8'11
T55.00
N1858
PCliente
LVendas/RECEITA:Vendas
^
D2/8'11
T55.00
N1860
PCliente
LVendas/RECEITA:Vendas
^
D2/8'11
T55.00
N1861
PCliente
LVendas/RECEITA:Vendas
^
D2/8'11
MTransporte - 11/7 a 16/7
T-470.00
PBerenice
LFolha:Passagem/FOLHA:Benefício
^
D3/8'11
T55.00
N1866
PCliente
LVendas/RECEITA:Vendas
^
D3/8'11
T55.00
N1867
PCliente
LVendas/RECEITA:Vendas
^
D3/8'11
T-10.00
PPano de chao
^
D3/8'11
T25.00
N1869
PCliente
LVendas/RECEITA:Vendas
^
D4/8'11
Mde 4/8 a 15/8 de 4/8 a 15/8
T-50.00
PCamilla
LFolha:Salario
^
D5/8'11
Mcheque
T-165.00
PCCorrente
^
D6/8'11
T165.00
N1877
PCliente
LVendas/RECEITA:Vendas
^
D6/8'11
T165.00
N1885
PCliente
LVendas/RECEITA:Vendas
^
D6/8'11
T55.00
N1890
PCliente
LVendas/RECEITA:Vendas
^
D8/8'11
T25.00
N1895
PCliente
LVendas/RECEITA:Vendas
^
D8/8'11
T110.00
N1899
PCliente
LVendas/RECEITA:Vendas
^
D9/8'11
T-6.00
PAgua Mineral
^
D9/8'11
T55.00
N1901
PCliente
LVendas/RECEITA:Vendas
^
D9/8'11
T55.00
N1902
PCliente
LVendas/RECEITA:Vendas
^
D9/8'11
T80.00
N1905
PCliente
LVendas/RECEITA:Vendas
^
D10/8'11
T55.00
N1908
PCliente
LVendas/RECEITA:Vendas
^
D11/8'11
T165.00
N1907
PCliente
LVendas/RECEITA:Vendas
^
D11/8'11
Mcheque
T-665.00
PCCorrente
^
D11/8'11
T55.00
N1912
PCliente
LVendas/RECEITA:Vendas
^
D11/8'11
T55.00
N1913
PCliente
LVendas/RECEITA:Vendas
^
D11/8'11
T25.00
N1919
PCliente
LVendas/RECEITA:Vendas
^
D12/8'11
T55.00
N1916
PCliente
LVendas/RECEITA:Vendas
^
D12/8'11
T55.00
N1924
PCliente
LVendas/RECEITA:Vendas
^
D12/8'11
T55.00
N1929
PCliente
LVendas/RECEITA:Vendas
^
D12/8'11
T55.00
N1931
PCliente
LVendas/RECEITA:Vendas
^
D12/8'11
T25.00
N1932
PCliente
LVendas/RECEITA:Vendas
^
D12/8'11
T55.00
N1935
PCliente
LVendas/RECEITA:Vendas
^
D13/8'11
Mcheque
T-505.00
PCCorrente
^
D15/8'11
T110.00
N1942
PCliente
LVendas/RECEITA:Vendas
^
D15/8'11
T165.00
N1943
PCliente
LVendas/RECEITA:Vendas
^
D15/8'11
T55.00
N1944
PCliente
LVendas/RECEITA:Vendas
^
D16/8'11
Mde 4/8 a 15/8
T-20.00
PCamilla
LFolha:Salario
^
D16/8'11
T110.00
N1949
PCliente
LVendas/RECEITA:Vendas
^
D16/8'11
Mcheque
T-350.00
PCCorrente
^
D17/8'11
T110.00
N1950
PCliente
LVendas/RECEITA:Vendas
^
D17/8'11
T-8.00
PQuentinha
^
D17/8'11
T55.00
N1952
PCliente
LVendas/RECEITA:Vendas
^
D17/8'11
Mcheque
T-200.00
PCCorrente
^
D18/8'11
T110.00
N1954
PCliente
LVendas/RECEITA:Vendas
^
D18/8'11
T110.00
N1956
PCliente
LVendas/RECEITA:Vendas
^
D18/8'11
T-8.00
PQuentinha
^
D19/8'11
T190.00
N1957
PCliente
LVendas/RECEITA:Vendas
^
D19/8'11
T55.00
N1963
PCliente
LVendas/RECEITA:Vendas
^
D20/8'11
T55.00
N1972
PCliente
LVendas/RECEITA:Vendas
^
D20/8'11
T55.00
N1973
PCliente
LVendas/RECEITA:Vendas
^
D20/8'11
T110.00
N1975
PCliente
LVendas/RECEITA:Vendas
^
D20/8'11
Mde 4/8 a 15/8
T-10.00
PCamilla
LFolha:Salario
^
D20/8'11
Mcheque
T-190.00
PCCorrente
^
D20/8'11
Mcheque
T-410.00
PCCorrente
^
D22/8'11
T-6.00
PAgua Mineral
^
D23/8'11
T55.00
N1982
PCliente
LVendas/RECEITA:Vendas
^
D23/8'11
MTransporte - 11/7 a 16/7
T-200.00
PBerenice
LFolha:Passagem/FOLHA:Benefício
^
D24/8'11
T55.00
N1987
PCliente
LVendas/RECEITA:Vendas
^
D25/8'11
T55.00
N1990
PCliente
LVendas/RECEITA:Vendas
^
D25/8'11
T55.00
N1991
PCliente
LVendas/RECEITA:Vendas
^
D26/8'11
T110.00
N1994
PCliente
LVendas/RECEITA:Vendas
^
D26/8'11
T110.00
N1995
PCliente
LVendas/RECEITA:Vendas
^
D26/8'11
T110.00
N1996
PCliente
LVendas/RECEITA:Vendas
^
D27/8'11
T55.00
N1997
PCliente
LVendas/RECEITA:Vendas
^
D27/8'11
Mcheque
T-400.00
PCCorrente
^
D29/8'11
T55.00
N2009
PCliente
LVendas/RECEITA:Vendas
^
D30/8'11
T55.00
N2012
PCliente
LVendas/RECEITA:Vendas
^
D31/8'11
T55.00
N2017
PCliente
LVendas/RECEITA:Vendas
^
D1/9'11
Mcheque
T-360.00
PCCorrente
^
D2/9'11
T110.00
N2021
PCliente
LVendas/RECEITA:Vendas
^
D2/9'11
T55.00
N2025
PCliente
LVendas/RECEITA:Vendas
^
D2/9'11
T55.00
N2026
PCliente
LVendas/RECEITA:Vendas
^
D2/9'11
T55.00
N2028
PCliente
LVendas/RECEITA:Vendas
^
D3/9'11
MTransporte - 11/7 a 16/7
T-25.00
PBerenice
LFolha:Passagem/FOLHA:Benefício
^
D3/9'11
T55.00
N2039
PCliente
LVendas/RECEITA:Vendas
^
D3/9'11
Mde 4/8 a 15/8
T-5.00
PCamilla
LFolha:Salario
^
D5/9'11
T165.00
N2040
PCliente
LVendas/RECEITA:Vendas
^
D5/9'11
T110.00
N2043
PCliente
LVendas/RECEITA:Vendas
^
D5/9'11
T25.00
N2045
PCliente
LVendas/RECEITA:Vendas
^
D5/9'11
Mcheque
T-240.00
PCCorrente
^
D5/9'11
Mcheque
T-275.00
PCCorrente
^
D6/9'11
T165.00
N2048
PCliente
LVendas/RECEITA:Vendas
^
D6/9'11
T55.00
N2051
PCliente
LVendas/RECEITA:Vendas
^
D6/9'11
T55.00
N2055
PCliente
LVendas/RECEITA:Vendas
^
D9/9'11
T55.00
N2066
PCliente
LVendas/RECEITA:Vendas
^
D9/9'11
T55.00
N2070
PCliente
LVendas/RECEITA:Vendas
^
D9/9'11
Mcheque
T-300.00
PCCorrente
^
D10/9'11
T65.00
N2076
PCliente
LVendas/RECEITA:Vendas
^
D10/9'11
T25.00
N2079
PCliente
LVendas/RECEITA:Vendas
^
D10/9'11
T55.00
N2083
PCliente
LVendas/RECEITA:Vendas
^
D10/9'11
MTransporte - 11/7 a 16/7
T-25.00
PBerenice
LFolha:Passagem/FOLHA:Benefício
^
D12/9'11
T55.00
N2084
PCliente
LVendas/RECEITA:Vendas
^
D12/9'11
T55.00
N2085
PCliente
LVendas/RECEITA:Vendas
^
D12/9'11
T5.00
N2086
PCliente
LVendas/RECEITA:Vendas
^
D12/9'11
T55.00
N2087
PCliente
LVendas/RECEITA:Vendas
^
D12/9'11
T55.00
N2089
PCliente
LVendas/RECEITA:Vendas
^
D12/9'11
Mcheque
T-400.00
PCCorrente
^
D13/9'11
T165.00
N2091
PCliente
LVendas/RECEITA:Vendas
^
D13/9'11
Mcheque
T-165.00
PCCorrente
^
D14/9'11
T135.00
N2097
PCliente
LVendas/RECEITA:Vendas
^
D14/9'11
T55.00
N2098
PCliente
LVendas/RECEITA:Vendas
^
D14/9'11
T55.00
N2099
PCliente
LVendas/RECEITA:Vendas
^
D14/9'11
Mcheque
T-150.00
PCCorrente
^
D15/9'11
T55.00
N2101
PCliente
LVendas/RECEITA:Vendas
^
D15/9'11
T165.00
N2104
PCliente
LVendas/RECEITA:Vendas
^
D15/9'11
T55.00
N2107
PCliente
LVendas/RECEITA:Vendas
^
D15/9'11
Mcheque
T-330.00
PCCorrente
^
D16/9'11
T110.00
N2102
PCliente
LVendas/RECEITA:Vendas
^
D16/9'11
T220.00
N2108
PCliente
LVendas/RECEITA:Vendas
^
D16/9'11
T55.00
N2113
PCliente
LVendas/RECEITA:Vendas
^
D16/9'11
T25.00
N2115
PCliente
LVendas/RECEITA:Vendas
^
D16/9'11
Mcheque
T-300.00
PCCorrente
^
D17/9'11
T25.00
N2120
PCliente
LVendas/RECEITA:Vendas
^
D17/9'11
Mcheque
T-110.00
PCCorrente
^
D17/9'11
T110.00
N2124
PCliente
LVendas/RECEITA:Vendas
^
D19/9'11
Mcheque
T-170.00
PCCorrente
^
D19/9'11
T55.00
N2126
PCliente
LVendas/RECEITA:Vendas
^
D19/9'11
Mpilhas para controle do ar cond. pilhas para controle do ar cond.
T-5.00
Pcompras
LMaterial:Consumo/CONSUMO:Material
^
D19/9'11
T80.00
N2131
PCliente
LVendas/RECEITA:Vendas
^
D20/9'11
T55.00
N2134
PCliente
LVendas/RECEITA:Vendas
^
D20/9'11
T110.00
N2136
PCliente
LVendas/RECEITA:Vendas
^
D20/9'11
MTBI 7157.05079-513SAL2  
T-6.00
PRenata
LFolha:Passagem/FOLHA:Benefício
^
D20/9'11
T-6.00
PAlmoço Camilla
^
D20/9'11
T-140.00
PDedetizão
^
D20/9'11
Mcheque
T-100.00
PCCorrente
^
D21/9'11
T220.00
N2138
PCliente
LVendas/RECEITA:Vendas
^
D22/9'11
T25.00
N2146
PCliente
LVendas/RECEITA:Vendas
^
D22/9'11
T55.00
N2151
PCliente
LVendas/RECEITA:Vendas
^
D22/9'11
T55.00
N2152
PCliente
LVendas/RECEITA:Vendas
^
D22/9'11
Mcheque
T-360.00
PCCorrente
^
D22/9'11
Mdifeença de retirada difeença de retirada
T5.00
PCCorrente
^
D22/9'11
T80.00
N2153
PCliente
LVendas/RECEITA:Vendas
^
D23/9'11
T165.00
N2158
PCliente
LVendas/RECEITA:Vendas
^
D23/9'11
T80.00
N2159
PCliente
LVendas/RECEITA:Vendas
^
D23/9'11
Mcheque
T-300.00
PCCorrente
^
D24/9'11
T55.00
N2166
PCliente
LVendas/RECEITA:Vendas
^
D24/9'11
T25.00
N2170
PCliente
LVendas/RECEITA:Vendas
^
D24/9'11
MTBI 7157.05079-513SAL2  
T-86.00
PRenata
LFolha:Passagem/FOLHA:Benefício
^
D26/9'11
T-6.50
PAgua Mineral
^
D27/9'11
T55.00
N2181
PCliente
LVendas/RECEITA:Vendas
^
D28/9'11
MTBI 7157.05079-513SAL2  
T-60.00
PRenata
LFolha:Passagem/FOLHA:Benefício
^
D29/9'11
T55.00
N2188
PCliente
LVendas/RECEITA:Vendas
^
D30/9'11
T110.00
N2194
PCliente
LVendas/RECEITA:Vendas
^
D30/9'11
T70.00
N2196
PCliente
LVendas/RECEITA:Vendas
^
D30/9'11
Mcheque
T-200.00
PCCorrente
^
D1/10'11
T-50.00
PWiliane
LFolha:Passagem/FOLHA:Benefício
^
D1/10'11
T55.00
N2205
PCliente
LVendas/RECEITA:Vendas
^
D3/10'11
T110.00
N2206
PCliente
LVendas/RECEITA:Vendas
^
D3/10'11
T55.00
N2208
PCliente
LVendas/RECEITA:Vendas
^
D3/10'11
T-4.00
PLampada
^
D3/10'11
Mcheque
T-110.00
PCCorrente
^
D4/10'11
T165.00
N2211
PCliente
LVendas/RECEITA:Vendas
^
D4/10'11
T110.00
N2212
PCliente
LVendas/RECEITA:Vendas
^
D4/10'11
T55.00
N2214
PCliente
LVendas/RECEITA:Vendas
^
D5/10'11
T55.00
N2217
PCliente
LVendas/RECEITA:Vendas
^
D5/10'11
T55.00
N2220
PCliente
LVendas/RECEITA:Vendas
^
D6/10'11
T55.00
N2227
PCliente
LVendas/RECEITA:Vendas
^
D6/10'11
Mcheque
T-600.00
PCCorrente
^
D7/10'11
T55.00
N2235
PCliente
LVendas/RECEITA:Vendas
^
D7/10'11
T-6.00
PAgua Mineral
^
D7/10'11
T55.00
N2238
PCliente
LVendas/RECEITA:Vendas
^
D8/10'11
T70.00
N2242
PCliente
LVendas/RECEITA:Vendas
^
D10/10'11
T55.00
N2245
PCliente
LVendas/RECEITA:Vendas
^
D10/10'11
T55.00
N2248
PCliente
LVendas/RECEITA:Vendas
^
D10/10'11
T55.00
N2249
PCliente
LVendas/RECEITA:Vendas
^
D10/10'11
T55.00
N2251
PCliente
LVendas/RECEITA:Vendas
^
D10/10'11
T220.00
N2253
PCliente
LVendas/RECEITA:Vendas
^
D10/10'11
MCheque Cheque
T-220.00
PCCorrente
^
D10/10'11
MCheque
T-400.00
PCCorrente
^
D11/10'11
T55.00
N2255
PCliente
LVendas/RECEITA:Vendas
^
D11/10'11
Mde 4/8 a 15/8
T-5.00
PCamilla
LFolha:Salario
^
D11/10'11
T165.00
N2257
PCliente
LVendas/RECEITA:Vendas
^
D11/10'11
T25.00
N2259
PCliente
LVendas/RECEITA:Vendas
^
D13/10'11
MCheque
T-165.00
PCCorrente
^
D14/10'11
T-0.20
PXerox
LMaterial:Consumo/CONSUMO:Material
^
D15/10'11
MPomada Pomada
T-22.00
PCliente
LVendas/CONSUMO:Serviço
^
D15/10'11
Mpote plastico pote plastico
T-2.40
Pcompras
LMaterial:Consumo/CONSUMO:Material
^
D15/10'11
T80.00
N2271
PCliente
LVendas/RECEITA:Vendas
^
D15/10'11
T135.00
N2272
PCliente
LVendas/RECEITA:Vendas
^
D15/10'11
T-40.00
PMagda
LFolha:Passagem/FOLHA:Benefício
^
D15/10'11
MCheque
T-350.00
PCCorrente
^
D15/10'11
T110.00
N2274
PCliente
LVendas/RECEITA:Vendas
^
D18/10'11
T55.00
N2275
PCliente
LVendas/RECEITA:Vendas
^
D19/10'11
T55.00
N2282
PCliente
LVendas/RECEITA:Vendas
^
D19/10'11
T55.00
N2283
PCliente
LVendas/RECEITA:Vendas
^
D19/10'11
T55.00
N2286
PCliente
LVendas/RECEITA:Vendas
^
D19/10'11
T55.00
N2289
PCliente
LVendas/RECEITA:Vendas
^
D20/10'11
T55.00
N2293
PCliente
LVendas/RECEITA:Vendas
^
D20/10'11
T55.00
N2294
PCliente
LVendas/RECEITA:Vendas
^
D20/10'11
MCheque
T-400.00
PCCorrente
^
D20/10'11
T55.00
N2297
PCliente
LVendas/RECEITA:Vendas
^
D21/10'11
T165.00
N2301
PCliente
LVendas/RECEITA:Vendas
^
D21/10'11
T55.00
N2302
PCliente
LVendas/RECEITA:Vendas
^
D22/10'11
T55.00
N2304
PCliente
LVendas/RECEITA:Vendas
^
D22/10'11
T-50.00
PMagda
LFolha:Passagem/FOLHA:Benefício
^
D24/10'11
MCheque
T-310.00
PCCorrente
^
D24/10'11
T110.00
N2315
PCliente
LVendas/RECEITA:Vendas
^
D25/10'11
T25.00
N2319
PCliente
LVendas/RECEITA:Vendas
^
D25/10'11
T55.00
N2321
PCliente
LVendas/RECEITA:Vendas
^
D25/10'11
MCheque
T-210.00
PCCorrente
^
D25/10'11
T55.00
N2322
PCliente
LVendas/RECEITA:Vendas
^
D25/10'11
T-6.00
PAgua Mineral
^
D27/10'11
T-25.00
PRegistro
LObras:Material
^
D28/10'11
T110.00
N2338
PCliente
LVendas/RECEITA:Vendas
^
D29/10'11
T55.00
N2341
PCliente
LVendas/RECEITA:Vendas
^
D29/10'11
T220.00
N2346
PCliente
LVendas/RECEITA:Vendas
^
D29/10'11
T-50.00
PMagda
LFolha:Passagem/FOLHA:Benefício
^
D31/10'11
T55.00
N2347
PCliente
LVendas/RECEITA:Vendas
^
D31/10'11
T0.00
N2348
PCliente
LVendas/RECEITA:Vendas
^
D31/10'11
T165.00
N2349
PCliente
LVendas/RECEITA:Vendas
^
D31/10'11
MCheque
T-500.00
PCCorrente
^
D1/11'11
T25.00
N2355
PCliente
LVendas/RECEITA:Vendas
^
D1/11'11
T-60.00
PChaveiro
LMaterial:Consumo
^
D3/11'11
T110.00
N2357
PCliente
LVendas/RECEITA:Vendas
^
D3/11'11
T-20.00
PMarcia
LFolha:Salario
^
D3/11'11
T110.00
N2360
PCliente
LVendas/RECEITA:Vendas
^
D3/11'11
T55.00
N2361
PCliente
LVendas/RECEITA:Vendas
^
D4/11'11
T80.00
N2364
PCliente
LVendas/RECEITA:Vendas
^
D4/11'11
T55.00
N2365
PCliente
LVendas/RECEITA:Vendas
^
D4/11'11
T55.00
N2366
PCliente
LVendas/RECEITA:Vendas
^
D4/11'11
MCheque
T-500.00
PCCorrente
^
D7/11'11
T55.00
N2384
PCliente
LVendas/RECEITA:Vendas
^
D7/11'11
T165.00
N2385
PCliente
LVendas/RECEITA:Vendas
^
D7/11'11
T55.00
N2387
PCliente
LVendas/RECEITA:Vendas
^
D8/11'11
T110.00
N2389
PCliente
LVendas/RECEITA:Vendas
^
D8/11'11
MCheque
T-165.00
PCCorrente
^
D8/11'11
T-50.00
PMarcia
LFolha:Salario
^
D9/11'11
T55.00
N2394
PCliente
LVendas/RECEITA:Vendas
^
D9/11'11
T110.00
N2395
PCliente
LVendas/RECEITA:Vendas
^
D9/11'11
T110.00
N2397
PCliente
LVendas/RECEITA:Vendas
^
D9/11'11
T245.00
N2398
PCliente
LVendas/RECEITA:Vendas
^
D9/11'11
T-30.00
PEmilyn
LFolha:Passagem
^
D10/11'11
T55.00
N2404
PCliente
LVendas/RECEITA:Vendas
^
D10/11'11
MCheque
T-355.00
PCCorrente
^
D10/11'11
T110.00
N2406
PCliente
LVendas/RECEITA:Vendas
^
D10/11'11
MCheque
T-300.00
PCCorrente
^
D10/11'11
T-40.00
PMarcia
LFolha:Salario
^
D11/11'11
T55.00
N2409
PCliente
LVendas/RECEITA:Vendas
^
D12/11'11
T110.00
N2416
PCliente
LVendas/RECEITA:Vendas
^
D12/11'11
T55.00
N2419
PCliente
LVendas/RECEITA:Vendas
^
D12/11'11
T-10.00
PEmilyn
LFolha:Passagem
^
D14/11'11
MCheque
T-355.00
PCCorrente
^
D14/11'11
T-10.00
PEmilyn
LFolha:Passagem
^
D16/11'11
T-30.00
PEmilyn
LFolha:Passagem
^
D17/11'11
T55.00
N2428
PCliente
LVendas/RECEITA:Vendas
^
D17/11'11
T55.00
N2430
PCliente
LVendas/RECEITA:Vendas
^
D19/11'11
T-10.00
PPano de chao
^
D19/11'11
T-50.00
PEmilyn
LFolha:Passagem
^
D22/11'11
MCheque
T-55.00
PCCorrente
^
D25/11'11
T25.00
N2453
PCliente
LVendas/RECEITA:Vendas
^
D25/11'11
T55.00
N2454
PCliente
LVendas/RECEITA:Vendas
^
D26/11'11
T55.00
N2468
PCliente
LVendas/RECEITA:Vendas
^
D26/11'11
T-50.00
PEmilyn
LFolha:Passagem
^
D26/11'11
T55.00
N2469
PCliente
LVendas/RECEITA:Vendas
^
D26/11'11
T65.00
N2470
PCliente
LVendas/RECEITA:Vendas
^
D26/11'11
T-50.00
PMarcia
LFolha:Salario
^
D28/11'11
T110.00
N2476
PCliente
LVendas/RECEITA:Vendas
^
D29/11'11
MCheque
T-110.00
PCCorrente
^
D29/11'11
T-40.00
PMarcia
LFolha:Salario
^
D29/11'11
T220.00
N2485
PCliente
LVendas/RECEITA:Vendas
^
D29/11'11
MCheque
T-250.00
PCCorrente
^
D1/12'11
T80.00
N2489
PCliente
LVendas/RECEITA:Vendas
^
D1/12'11
T110.00
N2490
PCliente
LVendas/RECEITA:Vendas
^
D1/12'11
T-110.00
PCity Cell
LManutenção:Celular
^
D2/12'11
MCheque
T-110.00
PCCorrente
^
D3/12'11
T-3.00
PXerox
LMaterial:Consumo/CONSUMO:Material
^
D3/12'11
T55.00
N2507
PCliente
LVendas/RECEITA:Vendas
^
D5/12'11
T55.00
N2513
PCliente
LVendas/RECEITA:Vendas
^
D5/12'11
T55.00
N2515
PCliente
LVendas/RECEITA:Vendas
^
D5/12'11
T110.00
N2518
PCliente
LVendas/RECEITA:Vendas
^
D5/12'11
T-50.00
PMarcia
LFolha:Salario
^
D6/12'11
T110.00
N2520
PCliente
LVendas/RECEITA:Vendas
^
D6/12'11
T110.00
N2521
PCliente
LVendas/RECEITA:Vendas
^
D6/12'11
T55.00
N2526
PCliente
LVendas/RECEITA:Vendas
^
D7/12'11
T110.00
N2530
PCliente
LVendas/RECEITA:Vendas
^
D8/12'11
T-40.00
PControle Portão
LMaterial:Consumo
^
D8/12'11
T55.00
N2537
PCliente
LVendas/RECEITA:Vendas
^
D8/12'11
MCheque
T-550.00
PCCorrente
^
D9/12'11
T55.00
N2545
PCliente
LVendas/RECEITA:Vendas
^
D10/12'11
T55.00
N2546
PCliente
LVendas/RECEITA:Vendas
^
D10/12'11
T-5.00
PMarcia
LFolha:Salario
^
D12/12'11
T55.00
N2560
PCliente
LVendas/RECEITA:Vendas
^
D13/12'11
T55.00
N2563
PCliente
LVendas/RECEITA:Vendas
^
D13/12'11
T110.00
N2566
PCliente
LVendas/RECEITA:Vendas
^
D14/12'11
T80.00
N2572
PCliente
LVendas/RECEITA:Vendas
^
D14/12'11
T55.00
N2573
PCliente
LVendas/RECEITA:Vendas
^
D14/12'11
T165.00
N2571
PCliente
LVendas/RECEITA:Vendas
^
D15/12'11
MCheque
T-450.00
PCCorrente
^
D15/12'11
MCheque
T-165.00
PCCorrente
^
D16/12'11
T-50.00
PPorta de Aço
LObras:Serviço/CONSUMO:Serviço
^
D16/12'11
T55.00
N2590
PCliente
LVendas/RECEITA:Vendas
^
D16/12'11
T-25.00
PMarcia
LFolha:Salario
^
D17/12'11
T55.00
N2595
PCliente
LVendas/RECEITA:Vendas
^
D17/12'11
T80.00
N2599
PCliente
LVendas/RECEITA:Vendas
^
D19/12'11
T110.00
N2605
PCliente
LVendas/RECEITA:Vendas
^
D20/12'11
T55.00
N2608
PCliente
LVendas/RECEITA:Vendas
^
D20/12'11
T55.00
N2611
PCliente
LVendas/RECEITA:Vendas
^
D21/12'11
T55.00
N2620
PCliente
LVendas/RECEITA:Vendas
^
D22/12'11
MCheque
T-400.00
PCCorrente
^
D23/12'11
T55.00
N2627
PCliente
LVendas/RECEITA:Vendas
^
D23/12'11
T165.00
N2630
PCliente
LVendas/RECEITA:Vendas
^
D29/12'11
T-280.00
PAr Condicionado
LManutenção:Climatização
^
D29/12'11
T-25.00
PSedex
^
D30/12'11
T55.00
N2644
PCliente
LVendas/RECEITA:Vendas
^
D30/12'11
T110.00
N2645
PCliente
LVendas/RECEITA:Vendas
^
D6/9'10
T165.00
PCliente
LVendas/RECEITA:Vendas
^
D26/10'10
T135.00
N368
PCliente
LVendas/RECEITA:Vendas
^
